@article{Hayek_AER45,
  author = {Hayek, Friedrich A.},
  journal = {American Economic Review},
  keywords = {},
  title = {The Use of Knowledge in Society},
  volume = 35,
  year = 1945
}

@inproceedings{outpost,
author = {Khabbazian, Majid and Nadahalli, Tejaswi and Wattenhofer, Roger},
title = {Outpost: A Responsive Lightweight Watchtower},
year = {2019},
isbn = {9781450367325},
publisher = {Association for Computing Machinery},
address = {New York, NY, USA},
url = {https://doi.org/10.1145/3318041.3355464},
doi = {10.1145/3318041.3355464},
booktitle = {Proceedings of the 1st ACM Conference on Advances in Financial Technologies},
keywords = {bitcoin, lightning network, payment channels, watchtower},
location = {Zurich, Switzerland},
series = {AFT '19}
}

@misc{grief_free_atomic_swaps,
      author = {Tejaswi Nadahalli and Majid Khabbazian and Roger Wattenhofer},
      title = {Grief-free Atomic Swaps},
      howpublished = {Cryptology ePrint Archive, Paper 2022/700},
      year = {2022},
      note = {\url{https://eprint.iacr.org/2022/700}},
      url = {https://eprint.iacr.org/2022/700}
}

@InProceedings{timelocked_bribing,
author="Nadahalli, Tejaswi and Khabbazian, Majid and Wattenhofer, Roger",
title="Timelocked Bribing",
booktitle="Financial Cryptography and Data Security",
year="2021",
}

@misc{twap_oracle_attacks,
      author = {Torgin Mackinga and Tejaswi Nadahalli and Roger Wattenhofer},
      title = {TWAP Oracle Attacks: Easier Done than Said?},
      howpublished = {Cryptology ePrint Archive, Paper 2022/445},
      year = {2022},
      note = {\url{https://eprint.iacr.org/2022/445}},
      url = {https://eprint.iacr.org/2022/445}
}

@inproceedings{herlihy2018atomic,
  author = {Herlihy, Maurice},
  organization = {ACM},
  booktitle = {Proceedings of the 2018 ACM Symposium on Principles of Distributed Computing},
  date = {2018},
  pages = {245--254},
  title = {{Atomic Cross-Chain Swaps}},
}

@inproceedings{arwen_protocol,
  author    = {Ethan Heilman and
               Sebastien Lipmann and
               Sharon Goldberg},
  editor    = {Joseph Bonneau and
               Nadia Heninger},
  title     = {The Arwen Trading Protocols},
  booktitle = {Financial Cryptography and Data Security - 24th International Conference,
               {FC} 2020, Kota Kinabalu, Malaysia, February 10-14, 2020 Revised Selected
               Papers},
  series    = {Lecture Notes in Computer Science},
  volume    = {12059},
  pages     = {156--173},
  publisher = {Springer},
  year      = {2020},
  url       = {https://doi.org/10.1007/978-3-030-51280-4\_10},
  doi       = {10.1007/978-3-030-51280-4\_10},
  timestamp = {Wed, 22 Jul 2020 12:29:59 +0200},
  biburl    = {https://dblp.org/rec/conf/fc/HeilmanLG20.bib},
  bibsource = {dblp computer science bibliography, https://dblp.org}
}

@inproceedings{daian2020flash,
  title={Flash boys 2.0: Frontrunning in decentralized exchanges, miner extractable value, and consensus instability},
  author={Daian, Philip and Goldfeder, Steven and Kell, Tyler and Li, Yunqi and Zhao, Xueyuan and Bentov, Iddo and Breidenbach, Lorenz and Juels, Ari},
  booktitle={2020 IEEE Symposium on Security and Privacy (SP)},
  pages={910--927},
  year={2020},
  organization={IEEE}
}

@inproceedings{why_buy_when_you_can_rent,
  author = {Bonneau, Joseph},
  booktitle = {Financial Cryptography and Data Security - {FC}},
  date = {2016},
  title = {{Why Buy When You Can Rent? - Bribery Attacks on Bitcoin-Style Consensus}},
}

@inproceedings{whale_transactions,
  author = {Liao, Kevin and Katz, Jonathan},
  booktitle = {International Conference on Financial Cryptography and Data Security},
  date = {2017},
  title = {{Incentivizing Blockchain Forks via Whale Transactions}},
}

@misc{secp256k1,
 howpublished = {\url{https://www.secg.org/sec2-v2.pdf}},
 title = {{SEC 2: Recommended Elliptic Curve Domain Parameters}},
 date = {2010},
}

@misc{1ml,
  howpublished = {\url{https://1ml.com/}},
  note = {[Accessed: 2020-05-07]},
  title = {{1ML}},
}

@misc{atomic_swap,
  date = {2013},
  howpublished = {\url{https://bitcointalk.org/index.php?topic=193281.msg2224949}},
  note = {[Accessed: 2020-05-07]},
  title = {{Atomic Swaps}},
}

@misc{script_predicate,
    date = {2010},
    howpublished = {\url{https://satoshi.nakamotoinstitute.org/posts/bitcointalk/126/}},
    note = {[Accessed: 2021-07-20]},
    title = {{Satoshi Nakamoto: Collected Writings}},
}

@misc{satoshi_bitcoin_release_0_1_0,
  author = {Nakamoto, Satoshi},
  date = {2009},
  howpublished = {\url{https://bitcointalk.org/index.php?topic=68121.0}},
  note = {[Accessed: 2020-05-07]},
  title = {{}Bitcoin Core Source Code, Version 0.1.0}},
}

@misc{orphans,
  date = {2019},
  howpublished = {\url{https://en.cryptonomist.ch/2019/05/28/orphan-block-bitcoin-btc-blockchain/}},
  note = {[Accessed: 2020-05-07]},
  title = {An orphan block on the bitcoin (BTC) blockchain},
}

@misc{transaction_pinning,
  howpublished = {\url{https://bitcoinops.org/en/topics/transaction-pinning/}},
  note = {[Accessed: 2020-05-07]},
  title = {{Transaction Pinning}},
}

@misc{cpfp_carveout,
  howpublished = {\url{https://bitcoinops.org/en/topics/cpfp-carve-out/}},
  note = {[Accessed: 2020-05-07]},
  title = {{CPFP Carve-out}},
}

@misc{anchor_outputs,
  date = {2019},
  howpublished = {\url{https://github.com/lightningnetwork/lightning-rfc/pull/688}},
  note = {[Accessed: 2020-05-07]},
  title = {{Anchor Outputs}},
}

@misc{feather_forking,
  author = {Miller, Andrew},
  date = {2013},
  howpublished = {\url{https://bitcointalk.org/index.php?topic=312668.0}},
  note = {[Accessed: 2020-05-07]},
  title = {{Feather-forks: enforcing a blacklist with sub-50\% hash power}},
}

@inproceedings{magnani2018feather,
  author = {Magnani, Antonio and Calderoni, Luca and Palmieri, Paolo},
  organization = {ACM},
  booktitle = {Proceedings of the 1st Workshop on Cryptocurrencies and Blockchains for Distributed Systems},
  date = {2018},
  pages = {99--104},
  title = {{Feather forking as a positive force: Incentivising green energy production in a blockchain-based smart grid}},
}

@misc{pay_to_win,
  author = {Judmayer, Aljosha and Stifter, Nicholas and Zamyatin, Alexei and Tsabary, Itay and Eyal, Ittay and Gazi, Peter and Meiklejohn, Sarah and Weippl, Edgar},
  date = {2019},
  howpublished = {Cryptology ePrint Archive, Report 2019/775},
  note = {\url{https://eprint.iacr.org/2019/775}},
  title = {{Pay-To-Win: Incentive Attacks on Proof-of-Work Cryptocurrencies}},
}

@inproceedings{temporary_censorship_attack_ethereum,
  author = {Winzer, Fredrik and Herd, Benjamin and Faust, Sebastian},
  booktitle = {IEEE Security \& Privacy on the Blockchain (IEEE S \& B)},
  date = {2019},
  note = {\url{https://eprint.iacr.org/2019/748}},
  title = {{Temporary Censorship Attacks in the Presence of Rational Miners}},
}

@article{sward2018data,
  author = {Sward, Andrew and Vecna, Ivy and Stonedahl, Forrest},
  date = {2018},
  title = {{Data Insertion in Bitcoin's Blockchain}},
  volume = {3},
}

@misc{BIP68,
  author = {Friedenbach, Mark and BtcDrak and Dorier, Nicholoas and kinoshitajona},
  date = {2015},
  howpublished = {\url{https://github.com/bitcoin/bips/blob/master/bip-0068.mediawiki}},
  note = {[Accessed: 2020-05-07]},
  title = {{BIP68}: Relative lock-time using consensus-enforced sequence numbers},
}

@misc{BIP65,
  author = {Todd, Peter},
  date = {2014},
  howpublished = {\textsc{url:} \url{https://github.com/bitcoin/bips/blob/master/bip-0065.mediawiki}},
  note = {[Accessed: 2020-05-07]},
  title = {{BIP68: CHECKLOCKTIMEVERIFY}},
}

@misc{BIP112,
  author = {BtcDrak and Friedenbach, Mark and Lombrozo, Eric},
  date = {2015},
  howpublished = {\textsc{url:} \url{https://github.com/bitcoin/bips/blob/master/bip-0112.mediawiki}},
  note = {[Accessed: 2020-05-07]},
  title = {{BIP112}: CHECKSEQUENCEVERIFY},
}

@misc{lnd,
  author = {{LND Authors}},
  howpublished = {\url{https://github.com/lightningnetwork/lnd}},
  note = {[Accessed: 2020-05-07]},
  title = {{LND: The Lightning Network Daemon}},
}

@misc{eclair,
  author = {{Eclair Authors}},
  howpublished = {\url{https://github.com/ACINQ/eclair}},
  note = {[Accessed: 2020-05-07]},
  title = {{A Scala Implementation of the Lightning Network}},
}

@misc{c_lightning,
  author = {{C-Lightning Authors}},
  howpublished = {\url{https://github.com/ElementsProject/lightning}},
  note = {[Accessed: 2020-05-07]},
  title = {{c-lightning - a Lightning Network implementation in C}},
}

@misc{lit,
  author = {{LIT Authors, MIT Digital Currency Initiative}},
  howpublished = {\url{https://github.com/mit-dci/lit}},
  note = {[Accessed: 2020-05-07]},
  title = {{Lightning Network node software}},
}

@misc{eltoo,
  author = {Decker, Christian and Russell, R.},
  date = {2018},
  title = {{eltoo : A Simple Layer 2 Protocol for Bitcoin}},
}

@misc{lnd_watchtower,
  author = {{LND Authors}},
  howpublished = {\url{https://github.com/lightningnetwork/lnd/blob/master/watchtower/blob/justice_kit.go}},
  note = {[Accessed: 2020-05-07]},
  title = {{LND: The Lightning Network Daemon, Watchtowers}},
}

@misc{bolt,
  author = {{BOLT Authors}},
  howpublished = {\url{https://github.com/lightningnetwork/lightning-rfc}},
  note = {[Accessed: 2020-05-07]},
  title = {{Lightning Network Specifications}},
}

@misc{poon_dryja,
  author = {Poon, Joseph and Dryja, Thaddeus},
  date = {2016},
  title = {{The Bitcoin Lightning Network: Scalable Off-Chain Instant Payments}},
}

@misc{watchtowers,
  author = {Osuntokun, Olaoluwa},
  date = {2018},
  title = {{Hardening Lightning, Stanford Cyber Initiative}},
}

@misc{atomic_swaps_bitmex,
  author = {{BitMEX Research}},
  howpublished = {\url{https://blog.bitmex.com/atomic-swaps-and-distributed-exchanges-the-inadvertent-call-option/}},
  note = {[Accessed: 2020-05-07]},
  title = {{Atomic Swaps and Distributed Exchanges: The Inadvertent Call Option}},
}

@misc{htlcs_considered_harmful,
  author = {Robinson, Dan},
  date = {2019},
  howpublished = {\url{https://cyber.stanford.edu/sites/g/files/sbiybj9936/f/htlcs\_considered\_harmful.pdf}},
  note = {[Accessed: 2020-05-07]},
  title = {{HTLCs Considered Harmful}},
}

@misc{smart_contracts_for_bribing,
  author = {McCorry, Patrick and Hicks, Alexander and Meiklejohn, Sarah},
  date = {2018},
  howpublished = {Cryptology ePrint Archive, Report 2018/581},
  note = {\url{https://eprint.iacr.org/2018/581}},
  title = {{Smart Contracts for Bribing Miners}},
}

@inproceedings{bonneau2015sok,
  author = {Bonneau, Joseph and Miller, Andrew and Clark, Jeremy and Narayanan, Arvind and Kroll, Joshua A and Felten, Edward W},
  organization = {IEEE},
  booktitle = {2015 IEEE Symposium on Security and Privacy},
  date = {2015},
  pages = {104--121},
  title = {{SOK: Research Perspectives and Challenges for Bitcoin and Cryptocurrencies}},
}

@misc{bolt_2,
  author = {{BOLT Authors}},
  howpublished = {\url{https://github.com/lightningnetwork/lightning-rfc/blob/master/02-peer-protocol.md}},
  note = {[Accessed: 2020-05-07]},
  title = {{Lightning Network Specifications, Bolt 2}},
}

@misc{bolt_3,
  author = {{BOLT Authors}},
  howpublished = {\url{https://github.com/lightningnetwork/lightning-rfc/blob/master/03-transactions.md}},
  note = {[Accessed: 2020-05-07]},
  title = {{Lightning Network Specifications, Bolt 3}},
}

@misc{komodo,
  date = {2018},
  howpublished = {\url{https://komodoplatform.com/atomic-swaps/}},
  note = {[Accessed: 2020-05-07]},
  title = {{Atomic Swaps Explained: The Ultimate Beginner's Guide}},
}

@inproceedings{atomic_swaps_american_call_options,
  author = {Han, Runchao and Lin, Haoyu and Yu, Jiangshan},
  location = {Zurich, Switzerland},
  publisher = {Association for Computing Machinery},
  booktitle = {Proceedings of the 1st ACM Conference on Advances in Financial Technologies},
  date = {2019},
  doi = {10.1145/3318041.3355460},
  howpublished = {\url{https://doi.org/10.1145/3318041.3355460}},
  isbn = {9781450367325},
  pages = {62--75},
  series = {AFT \textquoteright{}19},
  title = {{On the Optionality and Fairness of Atomic Swaps}},
}

@article{bitcoin_whitepaper,
  author = {Nakamoto, Satoshi},
  date = {2008},
  title = {{Bitcoin: A Peer-To-Peer Electronic Cash System}},
}

@inproceedings{decker_wattenhofer,
  author = {Decker, Christian and Wattenhofer, Roger},
  organization = {Springer},
  booktitle = {Symposium on Self-Stabilizing Systems},
  date = {2015},
  pages = {3--18},
  title = {{A Fast and Scalable Payment Network with Bitcoin Duplex Micropayment Channels}},
}

@inproceedings{gervais2016security,
  author = {Gervais, Arthur and Karame, Ghassan O and W{\"{u}}st, Karl and Glykantzis, Vasileios and Ritzdorf, Hubert and Capkun, Srdjan},
  organization = {ACM},
  booktitle = {Proceedings of the 2016 ACM SIGSAC conference on computer and communications security},
  date = {2016},
  title = {{On the Security and Performance of Proof of Work blockchains}},
}

@article{coinswap,
  title={A survey on approaches to anonymity in Bitcoin and other cryptocurrencies},
  author={Maurer, Felix Konstantin},
  journal={Informatik 2016},
  year={2016},
  publisher={Gesellschaft f{\"u}r Informatik eV}
}

@misc{mad_htlc,
    title={{MAD-HTLC: Because HTLC is Crazy-Cheap to Attack}},
    author={Itay Tsabary and Matan Yechieli and Ittay Eyal},
    year={2020},
    eprint={2006.12031},
    archivePrefix={arXiv},
    primaryClass={cs.CR}
}

@misc{cerberus,
    author={Georgia Avarikioti and
		    Orfeas Stefanos Thyfronitis Litos and
		    Roger Wattenhofer},
    title={Cerberus Channels: Incentivizing Watchtowers for Bitcoin},
    howpublished={Cryptology ePrint Archive, Report 2019/1092},
    year={2019},
    note = {\url{https://ia.cr/2019/1092}},
}

@inproceedings{xue_herlihy_swap,
    author = {Xue, Yingjie and Herlihy, Maurice},
    title = {Hedging Against Sore Loser Attacks in Cross-Chain Transactions},
    year = {2021},
    series = {PODC'21}
}

@techreport{fair_exchange_impossibility,
  title={On the impossibility of fair exchange without a trusted third party},
  author={Pagnia, Henning and G{\"a}rtner, Felix C},
  year={1999},
  institution={Citeseer}
}

@inproceedings{fairswap,
  title={Fairswap: How to fairly exchange digital goods},
  author={Dziembowski, Stefan and Eckey, Lisa and Faust, Sebastian},
  booktitle={Proceedings of the 2018 ACM SIGSAC Conference on Computer and Communications Security},
  pages={967--984},
  year={2018}
}

@inproceedings{franklin1997fair,
  title={Fair exchange with a semi-trusted third party},
  author={Franklin, Matthew K and Reiter, Michael K},
  booktitle={Proceedings of the 4th ACM Conference on Computer and Communications Security},
  pages={1--5},
  year={1997}
}

@inproceedings{asokan1998optimistic,
  title={Optimistic fair exchange of digital signatures},
  author={Asokan, Nadarajah and Shoup, Victor and Waidner, Michael},
  booktitle={International Conference on the Theory and Applications of Cryptographic Techniques},
  pages={591--606},
  year={1998},
  organization={Springer}
}

@inproceedings{optiswap,
  title={Optiswap: Fast optimistic fair exchange},
  author={Eckey, Lisa and Faust, Sebastian and Schlosser, Benjamin},
  booktitle={Proceedings of the 15th ACM Asia Conference on Computer and Communications Security},
  pages={543--557},
  year={2020}
}

@inproceedings{cleve1986limits,
  title={Limits on the security of coin flips when half the processors are faulty},
  author={Cleve, Richard},
  booktitle={Proceedings of the eighteenth annual ACM symposium on Theory of computing},
  pages={364--369},
  year={1986}
}

@article{maxwell2016zero,
  title={Zero knowledge contingent payment. 2011},
  author={Maxwell, Gregory},
  journal={URl: https://en. bitcoin. it/wiki/Zero Knowledge Contingent Payment (visited on 05/01/2016)},
  year={2016}
}

@InProceedings{Nadahalli2021timelocked,
	author=	{Tejaswi Nadahalli and Majid Khabbazian and Roger Wattenhofer},
	title=	{{Timelocked Bribing}},
	booktitle=	{{Financial Cryptography and Data Security (FC), Online}},
	month=	{March},
	year=	{2021},
}

@inproceedings{herlihy2018atomic,
  title={Atomic cross-chain swaps},
  author={Herlihy, Maurice},
  booktitle={Proceedings of the 2018 ACM symposium on principles of distributed computing},
  pages={245--254},
  year={2018}
}

